
@Article {fro14,
 title    = {Classification of Independent Components of EEG Into Multiple Artifact Classes},
 author   = {Frølich, Laura and Andersen, T. S. and Mørup, Morten},
 journal = {Psychophysiology},
 year = {2014},
 volume = {},
 number = {},
 pages = {},
 month = {},
 doi = {10.1111/psyp.12290}
}